@article{dibbelt2017connection,
  title  = {Connection Scan Algorithm},
  author = {Julian Dibbelt and Thomas Pajor and Ben Strasser and Dorothea Wagner},
  year   = {2017},
  month  = mar,
  pages  = {1--49},
  url    = {https://arxiv.org/pdf/1703.05997}
}

@article{dijkstra1959note,
  author  = {Dijkstra and E.W.},
  title   = {A note on two problems in connexion with graphs},
  journal = {Numerische Mathematik},
  volume  = {1},
  pages   = {269--271},
  year    = {1959},
  doi     = {10.1007/BF01386390},
  url     = {https://doi.org/10.1007/BF01386390}
}

@article{astart2021literature,
  title  = {A Systematic Literature Review of A* Pathfinding},
  author = {Daniel Foeada and Alifio Ghifaria and * and Marchel Budi Kusumaa and Novita Hanafiahb and Eric
            Gunawanb},
  year   = {2021},
  pages  = {1--3},
  url    = {https://doi.org/10.1016/j.procs.2021.01.034}
}

@misc{linkGTFSCSA,
  howpublished = {Github repositories},
  url          = {https://linkedconnections.org/tools}
}

@misc{syllabusAlgo2,
  author = {Jean Cardinal},
  title  = {Algorithmique 2},
  year   = {2024-2025},
  url    = {https://uv.ulb.ac.be/pluginfile.php/4036956/mod_resource/content/2/Algorithmique.pdf},
  pages  = {72}
}

@misc{RTreedoc,
  author = {Antonin Guttman},
  title  = {R-TREES - A DYNAMIC INDEX STRUCTURE FOR SPATIAL SEARCHING},
  url    = {http://www-db.deis.unibo.it/courses/SI-LS/papers/Gut84.pdf}
}

@article{BallTreedoc,
  author = {Mohamad Dolatshah, Ali Hadian, and Behrouz Minaei-Bidgol},
  title  = {Ball*-tree: Efficient spatial indexing for
            constrained nearest-neighbor search in metric
            spaces},
  year   = {2015},
  url    = {https://arxiv.org/pdf/1511.00628}
}

@article{javaTimSort,
  author = {Mohamed Helmy},
  title = {Time Complexity of Java - Collections Sort in Java},
  year = {2023},
  url = {https://www.baeldung.com/java-time-complexity-collections-sort},
}


% SOIT ÉTEINT, SOIT NON UTILISÉ DANS LE RAPPORT
@misc{epfl2024cs108,
  author = {{École polytechnique fédérale de Lausanne}},
  title  = {Recherche de voyages optimaux, ReCHor – étape 7},
  year   = {2025},
  url    = {https://cs108.epfl.ch/p/07.html},
  note   = {Consulté le 2 mai 2025}
}

@misc{transnetlabCSA,
  author = {{TransnetLab}},
  title  = {Connection Scan Algorithm},
  year   = {2024},
  url    = {https://transnetlab.github.io/transit-routing/html/Algorithms/CSA/},
  note   = {Consulté le 3 mai 2025}
}

@misc{gtfsReference,
  author = {{GTFS Contributors}},
  title  = { General Transit Feed Specification },
  year   = {2024},
  url    = {https://gtfs.org/documentation/schedule/reference/},
  note   = {Consulté le 29 avril 2025}
}

@misc{futura2009distance,
  author = {Utilisateur du forum Futura-Sciences},
  title  = {Calcul de distance entre 2 points dont j'ai les coordonnées géographiques (longitude, latitude)},
  year   = {2009},
  url    = {https://forums.futura-sciences.com/mathematiques-superieur/306536-calcul-de-distance-entre-2-points-dont-jai-coordonnees-geographiques-longitude-latitude.html},
  note   = {Consulté le 10 mai 2025}
}

@misc{geeko2018distance,
  author    = {Geeko},
  title     = {Comment calculer une distance à vol d’oiseau sur Google Maps},
  year      = {2018},
  url       = {https://geeko.lesoir.be/2018/10/18/comment-calculer-une-distance-a-vol-doiseau-sur-google-maps/},
  note      = {Consulté le 10 mai 2025},
  publisher = {Le Soir},
  journal   = {Geeko}
}

@misc{geeksforgeeks_haversine,
  author    = {{GeeksforGeeks}},
  title     = {Haversine formula to find distance between two points on a sphere},
  year      = {2022},
  url       = {https://www.geeksforgeeks.org/haversine-formula-to-find-distance-between-two-points-on-a-sphere/},
  note      = {Consulté le 10 mai 2025},
  publisher = {GeeksforGeeks}
}

@misc{wikipedia_geohash,
  author    = {{Wikipedia contributors}},
  title     = {Geohash},
  year      = {2025},
  url       = {https://en.wikipedia.org/wiki/Geohash},
  note      = {Consulté le 11 mai 2025},
  publisher = {Wikipedia},
  journal   = {Wikipedia}
}

@misc{mattaparthi2024ballkd,
  author    = {Geetha Mattaparthi},
  title     = {Ball Tree and KD Tree Algorithms},
  year      = {2024},
  url       = {https://medium.com/@geethasreemattaparthi/ball-tree-and-kd-tree-algorithms-a03cdc9f0af9},
  note      = {Consulté le 11 mai 2025},
  publisher = {Medium}
}

@misc{fieldsend_onlineballtree,
  author    = {Fieldsend},
  title     = {OnlineBallTree.java},
  year      = {2025},
  url       = {https://github.com/fieldsend/ball_tree/blob/main/ball_tree/OnlineBallTree.java},
  note      = {Consulté le 12 mai 2025},
  publisher = {GitHub}
}

@misc{woltmann2025astar,
  author    = {Sven Woltmann},
  title     = {A* Algorithm (+ Java Code Examples)},
  year      = {2025},
  url       = {https://www.happycoders.eu/algorithms/a-star-algorithm-java/},
  note      = {Consulté le 13 mai 2025},
  publisher = {HappyCoders}
}

@misc{wikipedia_astar,
  author    = {{Contributeurs de Wikipédia}},
  title     = {Algorithme A*},
  year      = {2025},
  url       = {https://fr.wikipedia.org/wiki/Algorithme_A*},
  note      = {Consulté le 13 mai 2025},
  publisher = {Wikipédia}
}

@misc{geeksforgeeks_astar,
  author    = {{GeeksforGeeks}},
  title     = {A* Search Algorithm},
  year      = {2024},
  url       = {https://www.geeksforgeeks.org/a-search-algorithm/},
  note      = {Consulté le 13 mai 2025},
  publisher = {GeeksforGeeks}
}

@misc{wikipedia_dijkstra,
  author    = {{Contributeurs de Wikipédia}},
  title     = {Algorithme de Dijkstra},
  year      = {2025},
  url       = {https://fr.wikipedia.org/wiki/Algorithme_de_Dijkstra},
  note      = {Consulté le 13 mai 2025},
  publisher = {Wikipédia}
}

@misc{baeldung_collections_sort,
  author    = {Baeldung},
  title     = {Time Complexity of Java Collections Sort in Java},
  year      = {2023},
  url       = {https://www.baeldung.com/java-time-complexity-collections-sort},
  note      = {Consulté le 14 mai 2025},
  publisher = {Baeldung}
}

@misc{wikipedia_timsort,
  author    = {{Contributeurs de Wikipédia}},
  title     = {Timsort},
  year      = {2025},
  url       = {https://fr.wikipedia.org/wiki/Timsort},
  note      = {Consulté le 14 mai 2025},
  publisher = {Wikipédia}
}
